% Encoding: UTF-8

@Book{haken2013,
  title     = {Molecular physics and elements of quantum chemistry: introduction to experiments and theory},
  publisher = {Springer Science \& Business Media},
  year      = {2013},
  author    = {Haken, Hermann and Wolf, Hans Christoph},
}

@Book{levine1980,
  title     = {Espectroscopía molecular},
  publisher = {AC},
  year      = {1980},
  author    = {Levine, Ira N and Ortigosa, Antonio Fuster and Rodríguez, Alberto Requena},
}

@Book{marion2013,
  title     = {Classical dynamics of particles and systems},
  publisher = {Academic Press},
  year      = {2013},
  author    = {Marion, Jerry B},
}

@Book{wilson1980,
  title     = {Molecular vibrations: the theory of infrared and Raman vibrational spectra},
  publisher = {Courier Corporation},
  year      = {1980},
  author    = {Wilson, Edgar Bright and Decius, John Courtney and Cross, Paul C},
}

@Unpublished{buendia,
  author = {Enrique Buendía Ávila},
  title  = {Física Atómica y Molecular},
  note   = {Apuntes de la asignatura},
}

@Comment{jabref-meta: databaseType:bibtex;}
